% Reference 1 - Book on The Design of Rijndael: AES - The Advanced Encryption Standard
@book{AES,
    title = {The Design of Rijndael: AES - The Advanced Encryption Standard},
    author = {Joan Daemen and Vincent Rijmen},
    isbn = {9783642076466}, 
    year = {2002},
    publisher = {Springer-Verlag, Berlin},
    keywords = {aes}
}

% Reference 2 - Article on Data Encryption Standard: past and future
@article{DES_past&future,
    author = "M.E. Smid and D.K. Branstad",
    title = "Data Encryption Standard: past and future",
    journal = "Proceedings of the IEEE",
    volume = "76",
    number = "5",
    pages = "550--559",
    year = "1988",
    DOI = "https://doi.org/10.1109/5.4441",
    keywords = "des"
}

% Reference 3
@article{RSA_concealing,
    author = "G.R. Blakley and I. Borosh",
    title = "Rivest-Shamir-Adleman public key cryptosystems do not always conceal messages",
    journal = "Computers & Mathematics with Applications",
    volume = "5",
    number = "3",
    pages = "169--178",
    year = "1979",
    DOI = "https://doi.org/10.1016/0898-1221(79)90039-7",
    keywords = "rsa"
}

% Reference 4
@article{Encryption_Study,
    author = "Gurpreet Singh and Supriya",
    title = "A Study of Encryption Algorithms (RSA, DES, 3DES and AES) for Information Security",
    journal = "International Journal of Computer Application",
    volume = "67",
    number = "19",
    pages = "33--38",
    year = "2013",
    % DOI = "https://doi.org/10.1016/0898-1221(79)90039-7",
    keywords = "rsa"
}

% Reference 5
@book{DES,
    title = {Data encryption standard (DES)},
    author = {Alex Biryukov and Christophe De Canni√®re},
    isbn = {9780387234731}, 
    year = {2005},
    publisher = {Springer-Boston, Massachusetts},
    keywords = {des_history}
}

% Reference 6
@article{new_encryption,
    author = "Hsien-Chou Liao and Yun-Hsiang Chao",
    title = "A New Data Encryption Algorithm Based on the Location of Mobile Users",
    journal = "Information Technology Journal",
    volume = "7",
    number = "1",
    pages = "63--69",
    year = "2008",
    DOI = "https://scialert.net/abstract/?doi=itj.2008.63.69",
    keywords = "new encryption"
}

% Reference 7
@book{AES_fast,
    title = {Fast Software AES Encryption},
    author = {Dag Arne Osvik and Joppe W. Bos and Deian Stefan and David Canright},
    isbn = {9783642138577}, 
    year = {2010},
    series = {Lecture Notes in Computer Science},
    pages = {75---93},
    publisher = {Springer-Berlin, Heidelberg},
    keywords = {aes_fast}
}

% Reference 8


% Reference 9


% Reference 10


% Reference 11


% Reference 12


% Reference 13


% Reference 14


% Reference 15

